
@book{cellier06,
    title = {Continuous System Simulation},
    author = {François E. Cellier and Ernesto Kofman},
    year = {2006},
    pagecount = {643},
    publisher={Springer, New York},
    isbn = {9780387261027}
}

@ARTICLE{gear71,
  author={Gear, C.},
  journal={IEEE Transactions on Circuit Theory}, 
  title={Simultaneous Numerical Solution of Differential-Algebraic Equations}, 
  year={1971},
  volume={18},
  number={1},
  pages={89-95},
  doi={10.1109/TCT.1971.1083221}}

@ARTICLE{mixedadams,
  author={Astic, J.Y. and Bihain, A. and Jerosolimski, M.},
  journal={IEEE Transactions on Power Systems}, 
  title={{The mixed Adams-BDF variable step size algorithm to simulate transient and long term phenomena in power systems}}, 
  year={1994},
  volume={9},
  number={2},
  pages={929-935},
  doi={10.1109/59.317654}}

@book{hairer93,
    title = {Solving Ordinary Differential Equations I},
    author = {Ernst Hairer and Syvert P. Nørsett and Gerhard Wanner}, 
    year = {1993},
    publisher={Springer Berlin, Heidelberg},
    pagecount = {528},
    isbn = {9783540566700}
}

@techreport{petzold82,
    title = {{A Description of DASSL: A Differential/Algebraic System Solver, SAND82-8637}},
    author = {Petzold Linda},
    year = {1982},
    institution={Sandia Labs},
    pagecount = {4}
}

@techreport{Radhakrishnan1993,
  doi = {10.2172/15013302},
  url = {https://doi.org/10.2172/15013302},
  year = {1993},
  month = dec,
  institution = {Office of Scientific and Technical Information ({OSTI})},
  author = {K Radhakrishnan and A C Hindmarsh},
  title = {Description and use of {LSODE},  the Livemore Solver for Ordinary Differential Equations}
}

@article{Moore1994,
  doi = {10.1016/0168-9274(94)00042-5},
  url = {https://doi.org/10.1016/0168-9274(94)00042-5},
  year = {1994},
  month = nov,
  publisher = {Elsevier {BV}},
  volume = {15},
  number = {4},
  pages = {449--463},
  author = {Peter K. Moore and Linda R. Petzold},
  title = {A stepsize control strategy for stiff systems of ordinary differential equations},
  journal = {Applied Numerical Mathematics}
}

@article{Lee2015,
  doi = {10.1137/140966915},
  url = {https://doi.org/10.1137/140966915},
  year = {2015},
  month = jan,
  publisher = {Society for Industrial {\&} Applied Mathematics ({SIAM})},
  volume = {37},
  number = {2},
  pages = {A725--A746},
  author = {J. Alex Lee and Jaewook Nam and Matteo Pasquali},
  title = {A New Stabilization of Adaptive Step Trapezoid Rule Based on Finite Difference Interrupts},
  journal = {{SIAM} Journal on Scientific Computing}
}

@ARTICLE{Hiskens01,
  author={Hiskens, I.A. and Sokolowski, P.J.},
  journal={IEEE Transactions on Power Systems}, 
  title={Systematic modeling and symbolically assisted simulation of power systems}, 
  year={2001},
  volume={16},
  number={2},
  pages={229-234},
  doi={10.1109/59.918291}}

@article{VanCutsem2020,
  doi = {10.1109/tpwrs.2020.2976834},
  url = {https://doi.org/10.1109/tpwrs.2020.2976834},
  year = {2020},
  month = sep,
  publisher = {Institute of Electrical and Electronics Engineers ({IEEE})},
  volume = {35},
  number = {5},
  pages = {4078--4087},
  author = {Thierry Van Cutsem and Mevludin Glavic and William Rosehart and Claudio Canizares and Marios Kanatas and Leonardo Lima and Federico Milano and Lampros Papangelis and Rodrigo Andrade Ramos and Jhonatan Andrade dos Santos and Behnam Tamimi and Glauco Taranto and Costas Vournas},
  title = {Test Systems for Voltage Stability Studies},
  journal = {{IEEE} Transactions on Power Systems}
}

@inproceedings{Murad2019,
  doi = {10.1109/ptc.2019.8810738},
  url = {https://doi.org/10.1109/ptc.2019.8810738},
  year = {2019},
  month = jun,
  publisher = {{IEEE}},
  author = {Mohammed Ahsan Adib Murad and Brendan Hayes and Federico Milano},
  title = {Application of Filippov Theory to the {IEEE} Standard 421.5-2016 Anti-windup {PI} Controller},
  booktitle = {2019 {IEEE} Milan {PowerTech}}
}

@ARTICLE{Canay93,
  author={Canay, I.M.},
  journal={IEEE Transactions on Energy Conversion}, 
  title={Modelling of alternating-current machines having multiple rotor circuits}, 
  year={1993},
  volume={8},
  number={2},
  pages={280-296},
  doi={10.1109/60.222719}}

@book{Filippov1988,
  doi = {10.1007/978-94-015-7793-9},
  url = {https://doi.org/10.1007/978-94-015-7793-9},
  year = {1988},
  publisher = {Springer Netherlands},
  author = {A. F. Filippov},
  editor = {F. M. Arscott},
  title = {Differential Equations with Discontinuous Righthand Sides}
}

@article{mycompiler,
  doi = {10.13140/RG.2.2.29110.78404},
  url = {https://rgdoi.net/10.13140/RG.2.2.29110.78404},
  author = {Mashalov,  Eugene},
  language = {en},
  title = {Automatic Implementation of Equipment Models for Transient Stability Simulation by Symbolic Manipulations},
  publisher = {Unpublished},
  year = {2022},
  journal = {Researchgate}
}

@article{mycompression,
  author = {Mashalov, Eugene},
  doi = {10.13140/RG.2.2.10208.97289},
  url = {https://rgdoi.net/10.13140/RG.2.2.10208.97289},
  language = {en},
  title = {Power System Transient Stability Simulation Results Compression Method},
  publisher = {Unpublished},
  year = {2022},
  journal = {Unpublished}
}

@techreport{pegase10,
  url = {http://fp7-pegase.com},
  language = {en},
  title = {Deliverable D4.1 of the PEGASE. Algorithmic requirements for simulation of large network extreme scenarios},
  publisher = {Unpublished},
  year = {2011},
  institution = {CRSA, RTE, TE, TU/e}
}
